@book{Szeliski:2010:CVA:1941882,
 author = {Szeliski, Richard},
 title = {Computer Vision: Algorithms and Applications},
 year = {2010},
 isbn = {1848829345, 9781848829343},
 edition = {1st},
 publisher = {Springer-Verlag},
 address = {Berlin, Heidelberg},
}

@article{opencv_library,
    author = {Bradski, G.},
    citeulike-article-id = {2236121},
    journal = {Dr. Dobb's Journal of Software Tools},
    keywords = {bibtex-import},
    posted-at = {2008-01-15 19:21:54},
    priority = {4},
    title = {{The OpenCV Library}},
    year = {2000}
}

@misc{ wiki:requisito1,
   author = "Wikimedia Commons",
   title = "File:AdditiveColor.svg --- Wikimedia Commons{,} the free media repository",
   year = "2018",
   url = "https://commons.wikimedia.org/w/index.php?title=File:AdditiveColor.svg&oldid=312348511",
   note = "[Online; versão de 00:37, 25 de julho 2018]"
 }
 
 @misc{ wiki:pavao,
   author = "Wikimedia Commons",
   title = "File:Peacock Plumage.jpg --- Wikimedia Commons{,} the free media repository",
   year = "2017",
   url = "https://commons.wikimedia.org/w/index.php?title=File:Peacock_Plumage.jpg&oldid=240821319",
   note = "[Online; versão de 19:08, 26 de junho 2016]"
 }